@misc{wiki:eye_tracking,
  author       = {{Wikipedia contributors}},
  title        = {Eye-tracking --- {W}ikipedia{,} The Free Encyclopedia},
  organization = {{W}ikipedia{,} The Free Encyclopedia},
  date         = {2021},
  url          = {https://en.wikipedia.org/wiki/Eye_tracking},
  howpublished = {\url{https://en.wikipedia.org/wiki/Eye_tracking}}
}

@misc{tobii,
  author       = {Tobii AB},
  title        = {Tobii VR},
  organization = {Tobii AB},
  date         = {2021},
  url          = {https://vr.tobii.com/},
  howpublished = {\url{https://vr.tobii.com/}}
}

@misc{yt:tobii_vr,
  author       = {Tobii Gaming},
  title        = {Tobii brings better devices and better experiences to VR \& AR w/ eye tracking},
  organization = {Youtube},
  date         = {2018},
  url          = {https://www.youtube.com/watch?v=AKDl1A7UJXY},
  howpublished = {\url{https://www.youtube.com/watch?v=AKDl1A7UJXY}}
}
