@misc{img_environnement,
  author = {{Antonio Capobianco, Flavien Lecuyer}},
  title  = {Analyse de données d’eye-tracking en RV},
  year   = {2020}
}

@misc{img_tobii,
  author       = {Alzashop},
  title        = {Tobiye Eye Tracker 4C Original text},
  organization = {Alzashop},
  year         = {2021},
  url          = {https://www.alzashop.com/tobiye-eye-tracker-4c-d5357926.htm?
  layoutAutoChange=1}
}

@misc{img_htcvive,
  author       = {iMotions},
  title        = {Tobii Pro HTC Vive VR Headset},
  organization = {iMotions},
  year         = {2021},
  url          = {https://imotions.com/hardware/tobii-htc-vive-vr-headset/}
}

@misc{pygaze,
  author       = {E.S. Dalmaijer},
  title        = {{PyGaze}: Open-source toolbox for eye tracking in {P}ython},
  organization = {PyGaze},
  year         = {2018},
  url          = {http://www.pygaze.org/}
}

@misc{img_heatmap,
  author       = {Nancy Huang},
  title        = {{Travel Tripper publishes new Google eye-tracking study 
  specific to hotel industry}},
  organization = {Hospitality Net},
  year         = {2017},
  url          = {https://www.hospitalitynet.org/news/4081713.html}
}
