@misc{wiki_eye_tracking,
  author       = {{Wikipedia contributors}},
  title        = {Eye-tracking --- {W}ikipedia{,} The Free Encyclopedia},
  organization = {{W}ikipedia{,} The Free Encyclopedia},
  year         = {2021},
  url          = {https://en.wikipedia.org/wiki/Eye_tracking},
  howpublished = {\url{https://en.wikipedia.org/wiki/Eye_tracking}}
}

@misc{tobii,
  author       = {Tobii AB},
  title        = {Tobii {VR}},
  organization = {Tobii AB},
  year         = {2021},
  url          = {https://vr.tobii.com/},
  howpublished = {\url{https://vr.tobii.com/}}
}

@misc{yt_tobii_vr,
  author       = {Tobii Gaming},
  title        = {Tobii brings better devices and better experiences to {VR} \& 
  {AR} w/ eye tracking},
  organization = {Youtube},
  year         = {2018},
  url          = {https://www.youtube.com/watch?v=AKDl1A7UJXY},
  howpublished = {\url{https://www.youtube.com/watch?v=AKDl1A7UJXY}}
}

@misc{wiki_foveated_rendering,
  author       = {{Wikipedia contributors}},
  title        = {Foveated rendering --- {W}ikipedia{,} The Free Encyclopedia},
  organization = {{W}ikipedia{,} The Free Encyclopedia},
  year         = {2021},
  url          = {https://en.wikipedia.org/wiki/Foveated_rendering},
  howpublished = {\url{https://en.wikipedia.org/wiki/Foveated_rendering}}
}

@misc{htc_vive_pro_eye,
  author       = {HTC},
  title        = {HTC {V}ive {P}ro {E}ye},
  organization = {HTC},
  year         = {2021},
  url          = {https://www.vive.com/eu/product/vive-pro-eye/overview/},
  howpublished = {\url{https://www.vive.com/eu/product/vive-pro-eye/overview/}}
}

@misc{imotions_metrics,
  author       = {Bryn Farnsworth},
  title        = {10 Most Used Eye Tracking Metrics and Terms},
  organization = {iMotions},
  year         = {2020},
  url          = {https ://imotions.com/blog/10-terms-metrics-eye-tracking/},
  howpublished = {\url{https ://imotions.com/blog/10-terms-metrics-eye-tracking/
  }}
}

@misc{imotions_software,
  author       = {Bryn Farnsworth},
  title        = {10 Free Eye Tracking Software Programs [{P}ros and {C}ons]},
  organization = {iMotions},
  year         = {2019},
  url          = {https://imotions.com/blog/free-eye-tracking-software/},
  howpublished = {\url{https://imotions.com/blog/free-eye-tracking-software/}}
}

@misc{gazepointer,
  author       = {szydej},
  title        = {GazePointer, WebCam Eye-Tracker},
  organization = {Sourceforge},
  year         = {2019},
  url          = {https://sourceforge.net/projects/gazepointer/},
  howpublished = {\url{https://sourceforge.net/projects/gazepointer/}}
}

@misc{ogama,
  author       = {Adrian Voßkühler},
  title        = {{OGAMA (OpenGazeAndMouseAnalyzer)}: An open source software 
  designed to analyze eye and mouse movements in slideshow study designs},
  organization = {Freie Universität Berlin},
  year         = {2019},
  url          = {http://www.ogama.net/},
  howpublished = {\url{http://www.ogama.net/}}
}

@misc{pygaze,
  author       = {E.S. Dalmaijer},
  title        = {{PyGaze}: Open-source toolbox for eye tracking in {P}ython},
  organization = {PyGaze},
  year         = {2018},
  url          = {http://www.pygaze.org/},
  howpublished = {\url{http://www.pygaze.org/}}
}

@misc{gazeparser,
  author       = {Hiroyuki Sogo},
  title        = {{GazeParser/SimpleGazeTracker}},
  organization = {GazeParser},
  year         = {2015},
  url          = {http://gazeparser.sourceforge.net/index.html},
  howpublished = {\url{http://gazeparser.sourceforge.net/index.html}}
}

@misc{img_heatmap,
  author       = {Nancy Huang},
  title        = {{Travel Tripper publishes new Google eye-tracking study 
  specific to hotel industry}},
  organization = {Hospitality Net},
  year         = {2017},
  url          = {https://www.hospitalitynet.org/news/4081713.html},
  howpublished = {\url{https://www.hospitalitynet.org/news/4081713.html}}
}

@misc{img_tobii,
  author       = {Alzashop},
  title        = {Tobiye Eye Tracker 4C Original text},
  organization = {Alzashop},
  year         = {2021},
  url          = {https://www.alzashop.com/tobiye-eye-tracker-4c-d5357926.htm?
  layoutAutoChange=1},
  howpublished = {\url{https://www.alzashop.com/tobiye-eye-tracker-4c-d5357926.
  htm?layoutAutoChange=1}}
}

@misc{img_htcvive,
  author       = {iMotions},
  title        = {Tobii Pro HTC Vive VR Headset},
  organization = {iMotions},
  year         = {2021},
  url          = {https://imotions.com/hardware/tobii-htc-vive-vr-headset/},
  howpublished = {\url{https://imotions.com/hardware/tobii-htc-vive-vr-headset/}
  }
}

@misc{img_environnement,
  author = {Antonio Capobianco{,} Flavien Lecuyer},
  title  = {Analyse de données d’eye-tracking en RV},
  year   = {2020}
}

@misc{github_ter,
  author       = {Adonis Stavridis},
  title        = {TER},
  organization = {Github},
  year         = {2021},
  url          = {https://github.com/Adonis-Stavridis/TER},
  howpublished = {\url{https://github.com/Adonis-Stavridis/TER}}
}
